2399 2792
1062 30 1313 71 μιμῇ,

167 120 429 175 interpretem
452 125 590 160 mnan
615 131 705 160 esse
733 127 775 159 et
801 119 916 173 quasi
941 131 1165 172 proeeouem
1191 124 1482 162 demonstraret
1508 119 1558 170 ⁸³).
1632 120 1715 162 Sed
1739 121 1893 161 utinam
1917 123 1981 161 vir
2007 121 2210 173 qregius,

167 205 246 246 quo
288 189 435 237 melior
479 191 545 231 his
581 191 632 230 de
673 189 794 230 rebus
837 204 920 230 non
963 199 1098 231 exstat
1140 191 1313 243 arbiter,
1364 194 1583 233 indicasset
1616 206 1744 233 novos
1788 192 1883 233 illos
1924 194 2209 244 areum-2!

166 265 230 312 Et*
255 266 419 317 quinam
452 263 613 300 tandem
645 259 738 299 illi‘!
787 261 895 299 Num
928 262 1115 301 Asinium
1148 261 1372 301 Pollionem
1406 264 1451 302 iu
1485 275 1535 301 eo
1572 276 1739 302 numero
1771 261 2207 307 fuissemensehimusl

168 342 210 375 at
235 334 342 374 bunc
367 334 545 373 omnium
571 332 730 385 quidem
756 329 945 372 horarum
980 333 1181 373 hominem
1194 364 1206 385 ,
1259 336 1381 387 prisci
1414 342 1548 374 tamen
1584 342 1626 374 et
1658 336 1815 385 ingenii
1848 342 1891 373 et
1924 336 2053 374 moris>
2083 334 2206 373 fuisse

168 414 325 448 constat
352 405 427 455 ””);
480 418 532 443 an
565 403 810 454 virgilium
864 412 906 442 at
939 412 981 443 et
1015 404 1121 444 hunc
1147 406 1271 446 Ennii
1305 418 1417 459 aeque
1452 406 1579 445 fuisse
1610 397 1831 445 studiosum
1863 412 1983 459 atque
2017 405 2208 456 Homeri,

167 479 410 530 omninoque
464 475 678 526 justiorem
722 474 896 513 Horatio
947 478 1104 514 romani
1145 478 1303 528 ingenii
1346 478 1644 522 aestimatorem
1673 478 1879 522 novimum
1942 489 1996 516 an
2031 476 2207 517 Plotium

166 550 344 590 Tuccam
370 555 412 587 et
435 545 632 599 Valgium
656 553 697 585 et
721 546 893 585 Fuscum
919 545 1137 598 Aristium,
1172 560 1292 601 quos
1317 561 1445 591 nemo
1477 548 1565 588 fere
1596 556 1740 600 praeter
1765 538 1927 588 Horatii
1961 549 2208 589 scholiasten

167 629 375 673 poetarum
402 619 565 657 nomine
592 610 736 655 ornat?
780 630 846 654 an
859 617 1094 656 Maecenatis
1121 620 1328 656 cincinnos
1355 625 1409 655 et
1421 603 1696 657 calamistros?
1731 617 1804 657 Ut
1823 631 1962 657 verum
1994 619 2207 669 fateamur,

167 692 368 730 neminem
401 690 509 729 inter
542 688 704 728 Horatii
736 686 958 726 familiares
992 695 1112 740 atque
1147 700 1218 727 eos
1260 689 1404 737 etiam,
1467 691 1535 741 qui
1568 691 1647 740 ipsi
1681 691 1824 740 poesin
1860 697 2099 729 exercerent
2134 697 2209 728 aut

160 762 344 811 judicare
372 760 421 798 de
449 773 498 797 ea
522 765 710 810 possent,
753 765 836 795 tam
861 756 1023 796 delicati
1048 758 1200 796 fastidii
1225 757 1351 796 fuisse
1375 760 1622 810 reperimus,
1664 766 1709 797 nt
1735 771 1824 797 cum
1849 758 2026 798 Horatio·
2054 762 2208 812 priscos

165 833 299 881 gentis
340 843 437 870 suae
463 837 607 880 poetas
641 834 917 867 contemneret
952 834 994 864 et
1029 828 1278 877 despiceret,
1332 829 1478 867 nedum
1511 836 1557 867 ut
1591 830 1698 868 idem
1734 830 1991 869 sentientium
2027 837 2208 870 exstaret

163 899 378 940 multitudo
419 907 461 939 et
494 901 690 948 societas,
746 911 865 950 quam
899 896 1020 936 hodie
1056 896 1235 937 scholam
1270 911 1479 952 vocamus,
1559 899 1624 939 Ac
1658 913 1709 938 ne
1745 898 1947 939 Caesarem
1981 899 2204 952 Augustum

163 973 324 1024 quidem
359 972 518 1011 videtur
551 970 840 1009 assentientem
874 967 1085 1017 habuisse,
1140 971 1207 1021 qui
1233 981 1458 1022 quanquam
1478 971 1636 1021 judicio
1663 974 1750 1010 erat
1775 984 1967 1023 perquam
1993 970 2132 1010 limato
2162 981 2204 1011 et

163 1044 314 1095 polito,
362 1051 406 1089 ‘et
432 1044 566 1081 animo
594 1043 645 1081 ad
664 1041 883 1092 jocandum
910 1040 1258 1092 cavillandumque·
1288 1047 1471 1091 promto,
1523 1055 1750 1093 quanquam
1784 1043 2032 1094 antiquarios
2058 1036 2099 1080 et
2134 1044 2202 1094 qui

164 1116 347 1156 exoletas
379 1128 503 1155 voces
539 1120 809 1164 aucupatam,
862 1111 1043 1160 ridebat,
1096 1119 1215 1164 atque
1252 1112 1374 1149 etiam
1416 1111 1578 1150 Graecos
1613 1110 1875 1150 vehementer
1911 1112 2204 1162 admirabatur,

160 1201 357 1242 nusquam
375 1195 508 1225 tamen
525 1184 985 1243 senioresRomanorum
1000 1184 1143 1236 poetas
1157 1184 1294 1222 risisse
1309 1181 1470 1234 legitur}
1520 1179 1646 1220 Solu?
1653 1178 1788 1233 itaque
1806 1167 2022 1232 Horatius,
2050 1190 2091 1221 'et
2108 1195 2203 1234 suo,

159 1317 202 1367 ⁸)=
243 1319 381 1359 Ueber
406 1320 618 1358 Horazens
642 1317 936 1368 Beurtheilung
962 1319 1033 1356 der
1059 1317 1189 1357 iiltern
1216 1317 1384 1356 Dichter
1412 1318 1482 1354 der
1508 1315 1677 1371 Riimer3
1711 1329 1783 1352 zur
1808 1314 2113 1366 Ankiindigung
2136 1317 2207 1355 &c-

266 1379 436 1417 Breslau
465 1382 587 1418 1817.
625 1381 666 1416 4.
698 1391 788 1429 pag.
817 1381 853 1417 7.
900 1377 1042 1428 „Man
1070 1378 1205 1417 erriith
1239 1378 1384 1427 l'eicht,
1438 1389 1512 1415 aus
1543 1374 2107 1426 welcbemLGesichtspunkte
2139 1377 2204 1415 ich

267 1430 488 1485 Horazens
495 1438 662 1488 Angriff
680 1439 753 1476 auf
769 1438 891 1476 Roms
918 1436 1045 1476 iiltere
1064 1438 1233 1477 Dichter
1260 1438 1480 1476 betrachte.
1532 1435 1726 1475 offenbar
1752 1435 1886 1474 stellte
1907 1448 1952 1473 er
1973 1435 2059 1474 sich
2080 1436 2204 1474 ihnen
2235 1448 2238 1454 ·

270 1499 382 1537 nicht
407 1498 555 1536 bloss
544 1512 587 1536 ιιι
612 1500 746 1536 seiner
772 1498 949 1546 Person,
978 1499 1058 1536 und
1085 1497 1145 1536 als
1172 1498 1234 1536 fiir
1260 1496 1346 1535 sich
1373 1496 1587 1535 stehender
1612 1495 1920 1555 Kunstrichter,
1946 1497 2120 1535 sondcrn
2146 1496 2207 1536 als

267 1558 466 1610 Sprecher
491 1559 572 1596 und
598 1557 857 1597 Wortfiihrer
884 1554 955 1596 der
983 1555 1134 1595 neuern
1161 1548 1469 1595 Dichterschule
1496 1556 1746 1605 entgegenf‘
1823 1556 2010 1606 Repetita
2035 1563 2096 1593 est
2121 1556 2206 1594 haec

266 1619 547 1656 commentatio
568 1618 612 1654 in
624 1609 881 1656 Vermischte
903 1615 1225 1670 Abhandlungen
1252 1617 1332 1654 und
1352 1615 1544 1669 Aufsatze
1579 1615 1829 1665 vouManso,
1851 1612 2029 1654 Breslau
2039 1619 2158 1657 1821.
2170 1622 2207 1657 8.

266 1678 465 1717 Moverat
474 1679 561 1727 jam
587 1678 741 1727 pridem
762 1676 866 1714 hanc
887 1679 1146 1728 quaestionem
1146 1647 1317 1715 ιε,Μειιιεο
1342 1679 1387 1714 in
1408 1665 2025 1715 Charakter.d.vorneh1nsteu
2035 1676 2207 1715 Dichter

264 1738 367 1777 aller
392 1737 609 1776 Nationen.
661 1736 740 1775 Th.
765 1737 840 1776 lv.
866 1736 924 1774 St.
950 1740 990 1776 2.
1014 1749 1054 1787 p.
1079 1738 1159 1775 431
1203 1750 1291 1789 sqq.
1998 1747 2002 1751 '

160 1810 224 1859 ⁸⁶)
264 1809 313 1849 ln
340 1807 515 1859 Dialogo
554 1808 607 1846 de
640 1820 769 1845 causs.
801 1819 903 1845 corr.
936 1806 1069 1858 eloqu.
1094 1821 1129 1845 c.
1158 1811 1222 1848 17.
1248 1808 1414 1847 Asinius
1441 1808 1572 1848 P-ollio
1606 1822 1694 1848 cum
1722 1807 1919 1847 Cicerone
1963 1809 2205 1861 antiquis

267 1867 491 1908 oratoribus
516 1866 765 1907 adscribitur.
798 1865 873 1916 ib.
899 1879 932 1905 c.
958 1871 1026 1908 21.
1077 1867 1280 1917 „Asinius
1306 1882 1462 1921 quoque
1489 1881 1713 1921 quanquam
1737 1868 1937 1920 prioribus
1964 1868 2207 1919 temporibus

266 1937 384 1968 natus
415 1932 491 1978 sit,
543 1930 703 1967 videtur
736 1927 836 1965 mihi
861 1929 969 1966 inter
994 1928 1211 1967 Menenios
1237 1936 1278 1966 et
1303 1929 1458 1979 Appios
1485 1930 1696 1968 studuisse.
1781 1930 1999 1968 Pacuvium
2026 1937 2137 1971 certe
2164 1938 2205 1968 et

264 1989 432 2029 Accium
459 2001 540 2028 non
566 1987 697 2028 solum
723 1988 1043 2040 tragoediis„sed
1070 1990 1192 2027 etiam
1219 1988 1469 2029 orationibus
1494 1992 1578 2029 suis
1606 1989 1855 2041 expressit.“
1893 1989 2083 2036 Quinctil.
2102 1990 2206 2036 lust,

259 2050 336 2102 Or.
369 2050 440 2099 X,
471 2055 510 2089 2.
562 2049 640 2098 „A
674 2052 806 2087 nitore
845 2056 886 2086 et
913 2050 1168 2097 jucunditate
1195 2049 1406 2088 Ciceronis
1442 2050 1501 2086 ita
1536 2048 1657 2099 longe
1696 2049 1823 2098 abest,
1850 2057 1895 2086 ut
1921 2051 2052 2088 videri
2077 2052 2205 2101 possit

261 2110 399 2151 seculo
423 2112 550 2164 prior.
560 2109 589 2129 “
640 2110 701 2149 ld.
724 2109 766 2159 1,
793 2114 834 2159 8,
865 2111 931 2148 11.
982 2107 1125 2158 „Nam
1149 2112 1347 2162 praecipue
1374 2110 1534 2161 quidem
1560 2111 1666 2160 apud
1692 2109 1948 2159 Ciceronem,
1976 2110 2206 2161 frequenter

261 2181 398 2211 tamen
425 2172 532 2223 apud
568 2170 753 2208 Asinium
781 2177 822 2207 et
854 2177 1032 2218 ceteros,
1068 2171 1136 2221 qui
1162 2177 1256 2208 sunt
1280 2170 1477 2220 proximi,
1505 2171 1679 2208 vidimus
1698 2171 1850 2219 Ennii,
1883 2168 1998 2208 Accii
2011 2169 2204 2219 ²l‘acuvii,

261 2232 434 2284 Lucilii,
471 2231 681 2281 Terentii,
716 2228 886 2269 Caecilii
910 2237 952 2269 et
977 2228 1297 2272 aliorum-inseri
1321 2243 1486 2279 versus,
1530 2222 1684 2269 summa
1718 2244 1799 2269 non
1826 2231 2063 2269 eruditionis
2087 2232 2206 2269 modo

261 2297 413 2346 gratia,
457 2293 681 2346 sed-etiam
700 2289 1018 2344 jucunditatis.⁵‘
1094 2289 1282 2328 Asinium
1316 2297 1450 2328 autem
1475 2293 1629 2341 priscos
1661 2299 1803 2342 poetas
1836 2301 1920 2328 non
1951 2292 2070 2329 annis
2100 2291 2206 2329 aesti-

261 2368 413 2405 masse,
466 2355 540 2395 sed
573 2351 763 2404 ingenio,
817 2351 930 2403 quod,
958 2348 1042 2390 illis
1066 2363 1141 2402 pro
1167 2358 1253 2389 arte
1281 2358 1387 2400 erat,
1442 2350 1509 2390 vel
1536 2365 1590 2390 ex
1617 2365 1667 2389 eo
1693 2360 1827 2403 potest
1851 2350 2047 2402 intelligi,
2100 2352 2206 2402 quod

260 2409 482 2466 priscorum
523 2413 739 2453 verborum
784 2411 1093 2449 adfectationem
1122 2411 1328 2451 Sallustio
1374 2411 1665 2462 exprobrabat,
1712 2413 1756 2451 id
1791 2412 1898 2465 quod
1931 2423 2012 2448 non
2045 2410 2207 2449 fecisset

259 2476 420 2529 ineptus
445 2468 699 2531 antiquarum
727 2473 945 2514 formarum
970 2479 1156 2515 sectator.
